@article{nfcsurvey,
  title={Near field communication (NFC) technology: a survey},
  author={Rahul, Anusha and Rao, Sethuraman and Raghu, ME and others},
  journal={International Journal on Cybernetics \& Informatics (IJCI)},
  volume={4},
  number={2},
  pages={133},
  year={2015},
  publisher={AIRCC Publishing Corporation}
}
